@TECHREPORT{Colorado2005,
      AUTHOR = "S\'anchez Colorado and M\'onica Mar\'ia and Gauthier, Ala\'in",
      TITLE = "Ambientes de aprendizaje con rob\'otica Pedag\'ogica",
      INSTITUTION = "Ingenier\'ia El\'ectrica y Electr\'onica - Universidad de los Andes",
      YEAR = "2005",
      TYPE = "Memo de Investigaci\'on",
      NUMBER = "IEL 2003-001"
}

@MISC{BUTIA,
      AUTHOR = "Buti\'a",
      TITLE = "Proyecto Buti\'a",
      MONTH = "Agosto",
      YEAR = "2010",
      NOTE = "\url{http://www.fing.edu.uy/inco/proyectos/butia/}"
}

@MISC{SUMO,
      AUTHOR = "sumo.uy",
      TITLE = "Campeonato de sumo rob\'otico",
      MONTH = "Agosto",
      YEAR = "2010",
      NOTE = "\url{http://www.fing.edu.uy/inco/eventos/sumo.uy/}"
}

@MISC{OLPC,
      AUTHOR = "OLPC",
      TITLE = "One Laptop per Child",
      MONTH = "Agosto",
      YEAR = "2010",
      NOTE = "\url{http://laptop.org/}"
}

@MISC{ANII,
      AUTHOR = "ANII",
      TITLE = "Agencia Nacional de Investigaci\'on e Innovaci\'on",
      MONTH = "Febrero",
      YEAR = "2011",
      NOTE = "\url{http://www.anii.org.uy/web/}"
}

@MISC{CES,
      AUTHOR = "CES",
      TITLE = "Centro de Educaci\'on Secundaria",
      MONTH = "Febrero",
      YEAR = "2010",
      NOTE = "\url{http://www.ces.edu.uy/ces/}"
}

@MISC{CEIBAL,
      AUTHOR = "Ceibal",
      TITLE = "Portal del plan Ceibal",
      MONTH = "Agosto",
      YEAR = "2010",
      NOTE = "\url{http://www.ceibal.edu.uy/}"
}

@MISC{LUA,
      AUTHOR = "Roberto Ierusalimschy, Waldemar Celes, Luiz Henrique de Figueiredo",
      TITLE = "The programming language Lua",
      MONTH = "Diciembre",
      YEAR = "1993",
      NOTE = "\url{http://www.lua.org/}"
}

@MISC{TurtleArt,
      AUTHOR = "Sugar Labs",
      TITLE = "TurtleArt Activity",
      MONTH = "Agosto",
      YEAR = {2010},
      NOTE = "\url{http://wiki.sugarlabs.org/go/Activities/TurtleArt}"
}

@ELECTRONIC{LOGO,
      TITLE = "Web Site of Logo Foundation",
      MONTH = "Febrero",
      YEAR = "2011",
      URL = "http://el.media.mit.edu/logo-foundation/index.html"
}

@MISC{LualibUSB,
      AUTHOR = "Jorge Visca and Andr\'es Aguirre",
      TITLE = "LibUSB Binding for Lua",
      MONTH = "Agosto",
      YEAR = {2010},
      NOTE = "\url{http://luaforge.net/projects/lualibusb}"
}

@MISC{USB4all,
      AUTHOR = "Andr\'es Aguirre and Pablo Fern\'andez and Carlos Grossy",
      TITLE = "Interfaz USB gen\'erica para comunicaci\'on con dispositivos electr\'onicos",
      MONTH = "Dciembre",
      YEAR = "2007",
      NOTE = "\url{http://www.fing.edu.uy/inco/grupos/mina/pGrado/pgusb/Docs/tesis.pdf}"

